
@Article{	  AKG,
  author	= "A. K. Geim1 and K. S. Novoselov1",
  title		= "The rise of graphene",
  journal	= "Nature Materials",
  volume	= 6,
  year		= 2007,
  url		= "http://www.nature.com/nmat/journal/v6/n3/full/nmat1849.html"
}

@Article{	  DDA,
  author	= "David D. Awschalom, Michael E. Flatte, Nitin Samarth",
  title		= "Spintronics",
  journal	= "Scientific American",
  month		= june,
  year		= 2002,
  url		= "http://www.sciam.com/article.cfm?articleID=0007A735-759A-1CDD-B4A8809EC588EEDF&pageNumber=1&catID=2"
}

@Book{		  DKB,
  author	= "Darren K. Brock",
  title		= "RSFQ Technology: Circuits and Systems",
  publisher	= "Hypres, Inc., NY",
  url		= "http://www.hypres.com/papers/Brock-RSFQ-CirSys-Rev01.pdf"
}

@Article{	  ERB,
  author	= "E. R. Brown, C. D. Parker",
  title		= "Resonant Tunnel Diodes as Submillimetre-Wave Sources",
  journal	= "Philosophical Transactions: Mathematical, Physical and
		  Engineering Sciences",
  volume	= 354,
  number	= 1717,
  inbook	= "The Current Status of Semiconductor Tunnelling Devices
		  (Oct. 15, 1996), pp. 2365-2381",
  url		= "http://links.jstor.org/sici?sici=1364-503X(19961015)354%3A1717%3C2365%3ARTDASS%3E2.0.CO%3B2-Q"
}

@Article{	  GEP,
  author	= "Linda Geppert",
  title		= "Quantum Transistors: toward nanoectronic",
  journal	= "IEEE Spectrum",
  month		= "September",
  year		= "2000",
  url		= "http://www.ece.osu.edu/~berger/press/quan0900.pdf"
}

@Book{		  HYP,
  author	= hyperphysics,
  title		= "SQUID Magnetometer",
  publisher	= hyperphysics,
  url		= "http://hyperphysics.phy-astr.gsu.edu/hbase/solids/squid.html"
}

@Book{		  IBM,
  title		= "IBM, Infineon Develop Most Advanced MRAM Technology to
		  Date, IBM Research",
  year		= 2003,
  url		= "http://domino.research.ibm.com/comm/pr.nsf/pages/news.20030610_mram.html"
}

@Article{	  IGB,
  author	= "Ilan Greenberg",
  title		= "Transistor Technology Takes a Quantum Leap",
  journal	= "News",
  month		= "December 8",
  year		= 1997,
  url		= "http://www.wired.com/news/technology/0,1282,8994,00.html"
}

@Book{		  JBa,
  author	= "John Bland",
  title		= "The Fluxoid",
  inbook	= "A Mossbauer Spectroscopy and Magnetometry Study of
		  Magnetic Multilayers and Oxides, Oliver Lodge Laboratory,
		  Department of Physics, University of Liverpool",
  year		= 2002,
  url		= "http://www.cmp.liv.ac.uk/frink/thesis/thesis/node45.html"
}

@Book{		  JBb,
  author	= "John Bland",
  title		= "Superconducting Quantum Interference Device (SQUID)",
  inbook	= "A Mossbauer Spectroscopy and Magnetometry Study of
		  Magnetic Multilayers and Oxides, Oliver Lodge Laboratory,
		  Department of Physics, University of Liverpool",
  year		= 2002,
  url		= "http://www.cmp.liv.ac.uk/frink/thesis/thesis/node48.html"
}

@Book{		  JBc,
  author	= "John Bland",
  title		= "SQUID Magnetometer",
  inbook	= "A Mossbauer Spectroscopy and Magnetometry Study of
		  Magnetic Multilayers and Oxides, Oliver Lodge Laboratory,
		  Department of Physics, University of Liverpool",
  year		= 2002,
  url		= "http://www.cmp.liv.ac.uk/frink/thesis/thesis/node48.html"
}

@Article{	  JWA,
  author	= "John Walko",
  title		= "Graphene transistor to rival silicon, say researchers",
  journal	= "EE Times Europe",
  month		= "March",
  year		= 2007,
  url		= "http://www.eetimes.com/news/design/showArticle.jhtml?articleID=197700700"
}

@Article{	  MBR,
  author	= "Matthew Broersma",
  title		= "Nanotubes break semiconducting record",
  publisher	= "Cnet News",
  month		= "December 19",
  year		= 2003,
  url		= "http://news.com.com/2100-1006-5129761.html"
}

@Book{		  OXFD,
  author	= "Oxford University",
  title		= "Theory, Superconductor Synthesis",
  publisher	= "Oxford University",
  year		= 1996,
  url		= "http://www.chem.ox.ac.uk/vrchemistry/super/theory.html"
}

@Article{	  PFS,
  author	= "Phillip F. Schewe, Ben Stein",
  title		= "A Quantum Tunneling Transistor",
  journal	= "Physics Nessw Update",
  number	= 357,
  month		= "February 4",
  year		= 1998,
  url		= "http://www.aip.org/pnu/1998/physnews.357.htm"
}

@Book{		  PHA,
  author	= "What is Quantum Tunneling?",
  publisher	= "Phiar Corporation",
  url		= "http://www.phiar.com/whatQuantum.php4"
}

@Book{		  PHI,
  author	= "Why MIIM?",
  publisher	= "Phiar Corporation",
  url		= "http://www.phiar.com/whyMIIM.php4"
}

@Article{	  PNG,
  title		= "Carbon Nanotube Transistor",
  journal	= "Physics News Graphics",
  month		= "May 13",
  year		= 1998,
  url		= "http://www.aip.org/mgr/png/html/tubefet.htm"
}

@Article{	  RCJ,
  author	= "R. Colin Johnson",
  title		= "Spintronics approach advances toward live chips",
  journal	= "EE Times",
  month		= "November",
  year		= 2006,
  url		= "http://www.eetimes.com/showArticle.jhtml?articleID=193500309"
}

@Book{		  RCJ2,
  author	= "R. Colin Johnson",
  title		= "U. of Delaware researchers edge closer to spintronics",
  journal	= "EE Times",
  month		= "July",
  year		= 2007,
  url		= "http://www.eetimes.com/news/design/showArticle.jhtml?articleID=201201400"
}

@Book{		  RCJ3,
  author	= "R. Colin Johnson",
  title		= "Can metal-insulator electronics do it better, sans
		  semiconductors?",
  url		= "http://www.eetimes.com/showArticle.jhtml?articleID=201200024",
  year		= 2012
}

@Book{		  TLE,
  author	= "Tom Lee",
  title		= "Is nonvolatile MRAM right for your consumer embedded
		  device application? ",
  publisher	= "Freescale Semiconductor",
  url		= "http://www.acumeninfo.com/subscriber/article/getArticle.jhtml?articleId=197006965"
}

@Book{		  TRK,
  author	= "Tony R. Kuphaldt",
  title		= "Lessons in Electricity, Reference",
  volume	= 5,
  chapter	= 7,
  year		= 2007,
  url		= "http://www.ibiblio.org/obp/electricCircuits/Ref/spice.html"
}

@Article{	  WJG,
  author	= "W. J. Gallagher, S. S. P. Parkin",
  title		= "Development of the magnetic tunnel junction MRAM at IBM:
		  From first junctions to a 16-Mb MRAM demonstrator chip",
  journal	= "IBM Research and Development, Spintronics",
  volume	= 50,
  number	= 1,
  year		= 2006,
  url		= "http://www.research.ibm.com/journal/rd/501/gallagher.html"
}

@Book{		  YYT,
  author	= "Ying-Yu Tzou",
  title		= "Power Electronics: An Introduction",
  publisher	= "Institute of Control Engineering, National Chiao Tung
		  University",
  url		= "http://pemclab.cn.nctu.edu.tw/peclub/w3cnotes/cn06.%E9%9B%BB%E5%8A%9B%E9%9B%BB%E5%AD%90%E7%B0%A1%E4%BB%8B/html/cn06.htm"
}
